@inproceedings{Davidov2010Enhanced,
	address = {Stroudsburg, PA, USA},
	author = {Davidov, Dmitry and Tsur, Oren and Rappoport, Ari},
	booktitle = {Proceedings of the 23rd International Conference on Computational Linguistics: Posters},
	pages = {241-249},
	publisher = {Association for Computational Linguistics},
	series = {COLING '10},
	title = {Enhanced Sentiment Learning Using Twitter Hashtags and Smileys},
	url = {http://dl.acm.org/citation.cfm?id=1944566.1944594},
	year = 2010
}

@article{Mohammad2015Using,
	author = {Mohammad, Saif M. and Kiritchenko, Svetlana},
	journal = {Computational Intelligence},
	number = 2,
	pages = {301-326},
	title = {Using hashtags to capture fine emotion categories from tweets},
	url = {http://onlinelibrary.wiley.com/doi/10.1111/coin.12024/full},
	volume = 31,
	year = 2015
}

@inproceedings{Mohammad2012Emotional,
	address = {Stroudsburg, PA, USA},
	author = {Mohammad, Saif M.},
	booktitle = {Proceedings of the First Joint Conference on Lexical and Computational Semantics},
	pages = {246-255},
	publisher = {Association for Computational Linguistics},
	series = {SemEval '12},
	title = {\#Emotional Tweets},
	url = {http://dl.acm.org/citation.cfm?id=2387636.2387676},
	year = 2012
}

@article{Derks2008Role,
	author = {Derks, Daantje and Fischer, Agneta H. and Bos, Arjan E. R.},
	doi = {10.1016/j.chb.2007.04.004},
	issn = {0747-5632},
	journal = {Computers in Human Behavior},
	number = 3,
	pages = {766-785},
	series = {Instructional Support for Enhancing Students' Information Problem Solving Ability},
	shorttitle = {The role of emotion in computer-mediated communication},
	title = {The role of emotion in computer-mediated communication: A review},
	url = {http://www.sciencedirect.com/science/article/pii/S0747563207000866},
	volume = 24,
	year = 2008
}

@article{Churches2014Emoticons,
	author = {Churches, Owen and Nicholls, Mike and Thiessen, Myra and Kohler, Mark and Keage, Hannah},
	doi = {10.1080/17470919.2013.873737},
	issn = {1747-0919},
	journal = {Social Neuroscience},
	number = 2,
	pages = {196-202},
	shorttitle = {Emoticons in mind},
	title = {Emoticons in mind: An event-related potential study},
	url = {http://dx.doi.org/10.1080/17470919.2013.873737},
	volume = 9,
	year = 2014
}

@book{Johnston2015Apa,
	address = {Washington, DC},
	author = {Johnston, Elizabeth and Norton, Leah Olson WW and Jeste, M. D. and Palmer, Barton W. and Ketter, M. D. and Phillips, Katharine A. and Stein, Dan J. and Blazer, Dan G. and Thakur, Mugdha E. and Lubin, M. D.},
	isbn = {978-1-4338-1944-5},
	language = {English},
	number = 4311022,
	publisher = {American Psychological Association},
	series = {APA Reference Books},
	title = {APA Dictionary of Psychology},
	year = 2015
}

@techreport{Team????2015,
	author = {{Emogi Research Team}},
	title = {2015 Emoji Report},
	type = {Marketing Report},
	url = {http://emogi.com/report.php}
}

@article{Ekman1992Argument,
	author = {Ekman, Paul},
	doi = {10.1080/02699939208411068},
	issn = {0269-9931},
	journal = {Cognition and Emotion},
	number = {3-4},
	pages = {169-200},
	title = {An argument for basic emotions},
	url = {http://www.tandfonline.com/doi/abs/10.1080/02699939208411068},
	volume = 6,
	year = 1992
}

@article{Morstatter2013Is,
	author = {Morstatter, Fred and Pfeffer, Jürgen and Liu, Huan and Carley, Kathleen M.},
	journal = {arXiv preprint arXiv:1306.5204},
	shorttitle = {Is the sample good enough?},
	title = {Is the sample good enough? comparing data from twitter's streaming api with twitter's firehose},
	url = {http://arxiv.org/abs/1306.5204},
	year = 2013
}

@inproceedings{Strapparava2007Semeval2007,
	author = {Strapparava, Carlo and Mihalcea, Rada},
	booktitle = {Proceedings of the 4th International Workshop on Semantic Evaluations},
	pages = {70-74},
	publisher = {Association for Computational Linguistics},
	shorttitle = {Semeval-2007 task 14},
	title = {Semeval-2007 task 14: Affective text},
	url = {http://dl.acm.org/citation.cfm?id=1621487},
	year = 2007
}

@inproceedings{Suttles2013Distant,
	author = {Suttles, Jared and Ide, Nancy},
	booktitle = {Computational Linguistics and Intelligent Text Processing},
	copyright = {©2013 Springer-Verlag Berlin Heidelberg},
	editor = {Gelbukh, Alexander},
	isbn = {978-3-642-37255-1 978-3-642-37256-8},
	language = {en},
	number = 7817,
	pages = {121-136},
	publisher = {Springer Berlin Heidelberg},
	series = {Lecture Notes in Computer Science},
	title = {Distant Supervision for Emotion Classification with Discrete Binary Values},
	url = {http://link.springer.com.virtual.anu.edu.au/chapter/10.1007/978-3-642-37256-8\_11},
	year = 2013
}

@article{plutchik1980general,
  title={A general psychoevolutionary theory of emotion},
  author={Plutchik, Robert},
  journal={Theories of emotion},
  volume={1},
  pages={3--31},
  year={1980},
  publisher={Academic Press New York}
}

@article{Purver2012,
author = {Purver, Matthew and Battersby, Stuart},
journal = {Proceedings of the 13th Conference of the European Chapter of the Association for computational Linguistics (EACL 2012)},
pages = {482--491},
title = {{Experimenting with Distant Supervision for Emotion Classification}},
year = {2012}
}

